<?xml version='1.0' encoding='UTF-8'?>
<record xmlns="http://www.loc.gov/MARC21/slim">
  <leader>00852cam a22002055  4500</leader>
  <controlfield tag="001">2834365</controlfield>
  <controlfield tag="003">NjP</controlfield>
  <controlfield tag="005">20171019170308.0</controlfield>
  <controlfield tag="008">991130m19509999ir            000 0 ara d</controlfield>
  <datafield tag="024" ind1="7" ind2=" ">
    <subfield code="a">princeton_aco001849</subfield>
    <subfield code="2">local</subfield>
  </datafield>
  <datafield ind1=" " ind2=" " tag="035">
    <subfield code="a">(OCoLC)ocm42899484</subfield>
  </datafield>
  <datafield ind1=" " ind2=" " tag="035">
    <subfield code="9">CNR6759TS</subfield>
  </datafield>
  <datafield ind1=" " ind2=" " tag="040">
    <subfield code="a">PUL</subfield>
    <subfield code="c">PUL</subfield>
  </datafield>
  <datafield ind1="1" ind2=" " tag="100">
    <subfield code="a">Tustarī, ʻAbd Allāh ibn Nūr al-Dīn,</subfield>
    <subfield code="d">1701-1759 or 1760.</subfield>
    <subfield code="0">http://id.loc.gov/authorities/names/nr93011789</subfield>
  </datafield>
  <datafield ind1="0" ind2="3" tag="245">
    <subfield code="a">al-Tuḥfah al-sanīyah fī sharḥ al-Nukhbah al-muḥsinị̄yah.</subfield>
  </datafield>
  <datafield ind1=" " ind2=" " tag="260">
    <subfield code="a">[Tehran,</subfield>
    <subfield code="b">Sihāmī,</subfield>
    <subfield code="c">1370- [1950-</subfield>
  </datafield>
  <datafield ind1=" " ind2=" " tag="300">
    <subfield code="a">v.</subfield>
    <subfield code="c">24 cm.</subfield>
  </datafield>
  <datafield ind1=" " ind2=" " tag="546">
    <subfield code="a">In Arabic.</subfield>
  </datafield>
  <datafield ind1="2" ind2=" " tag="700">
    <subfield code="a">Fayḍ al-Kāshī, Muḥammad ibn Murtaḍá,</subfield>
    <subfield code="d">1598 or 9-1680 or 81.</subfield>
    <subfield code="t">Nukhbah al-muḥsinīyah.</subfield>
    <subfield code="0">http://id.loc.gov/authorities/names/n80032186</subfield>
  </datafield>
  <datafield ind1=" " ind2=" " tag="945">
    <subfield code="a">F</subfield>
    <subfield code="b">1</subfield>
    <subfield code="c">2269.3546.745</subfield>
    <subfield code="e">v.1</subfield>
  </datafield>
  <datafield ind1=" " ind2=" " tag="911">
    <subfield code="a">20000220</subfield>
  </datafield>
  <datafield ind1="0" ind2="1" tag="852">
    <subfield code="0">3146811</subfield>
    <subfield code="b">nec</subfield>
    <subfield code="t">1</subfield>
    <subfield code="h">KBP440.76.F39</subfield>
    <subfield code="i">A36338 1950</subfield>
  </datafield>
  <datafield ind1=" " ind2="0" tag="866">
    <subfield code="0">3146811</subfield>
    <subfield code="8">0</subfield>
    <subfield code="a">v.1</subfield>
  </datafield>
  <datafield ind1=" " ind2=" " tag="959">
    <subfield code="a">2009-06-30 09:04:33 -0500</subfield>
  </datafield>
</record>
